@string{ASPLOS ={ACM ASPLOS}}
@string{CSE = {SIGIR Workshop on Crowdsourcing for Search Evaluation}}
@string{DCPERF = {International Workshop on Data Center Performance}}
@string{EUROSYS = {EuroSys Conf.}}
@string{FAST = {USENIX FAST}}
@string{HPCA = {HPCA}}
@string{HotNets = {USENIX Workshop on Hot Topics in Networks}}
@string{HotOs = {USENIX HOTOS Workshop}}
@string{ICAC = {IEEE ICAC}}
@string{ICDCS = {IEEE ICDCS}}
@string{ALLERTON = {Allerton Conference}}
@string{ICCDS = {Int'l Conf. on Configurable Distributed Systems}}
@string{INFOCOM = {IEEE INFOCOM}}
@string{IPDPS = {International Parallel \& Distributed Processing Symposium}}
@string{ISCA = {ISCA}}
@string{LADIS = {Workshop on Large-Scale Distributed Systems and Middleware}}
@string{MASCOTS = {IEEE MASCOTS}}
@string{NSDI = {USENIX NSDI}}
@string{OSDI = {USENIX OSDI}}
@string{SIGMETRICS = {ACM SIGMETRICS}}
@string{SOCC = {ACM SOCC}}
@string{SOSP = {ACM SOSP}}
@string{USENIX = {USENIX Annual Technical Conf.}}
@string{USITS = {USENIX Symp. on Internet Technologies and Systems}}

@inproceedings{verma2015large,
title = {Large-scale cluster management at {Google} with {Borg}},
author  = {Abhishek Verma and Luis Pedrosa and Madhukar R. Korupolu and David Oppenheimer and Eric Tune and John Wilkes},
year  = 2015,
booktitle = {Proceedings of the European Conference on Computer Systems (EuroSys)},
address = {Bordeaux, France}
}

@inproceedings{verma2014evaluating,
  title={Evaluating job packing in warehouse-scale computing},
  author={Verma, Abhishek and Korupolu, Madhukar and Wilkes, John},
  booktitle={Cluster Computing (CLUSTER), 2014 IEEE International Conference on},
  pages={48--56},
  year={2014},
  organization={IEEE}
}

@article{kendall,
title={Stochastic Processes Occurring in the Theory of Queues And Their Analysis By the Method of the Imbedded Markov Chain},
author={D. Kendall},
journal={The Annals of Mathematical Statistics},
year=1953
}
@inproceedings{ghasemi2014rcs,
  title={RCS: runtime resource and core scaling for power-constrained multi-core processors},
  author={Ghasemi, Hamid Reza and Kim, Nam Sung},
  booktitle={Proceedings of the 23rd international conference on Parallel architectures and compilation},
  pages={251--262},
  year={2014},
  organization={ACM}
}
@inproceedings{liu2014sleepscale,
  title={SleepScale: runtime joint speed scaling and sleep states management for power efficient data centers},
  author={Liu, Yanpei and Draper, Stark C and Kim, Nam Sung},
  booktitle={ACM SIGARCH Computer Architecture News},
  year={2014}
}
@ARTICLE{Quinlan86inductionof,
 author = {J. R. Quinlan},
 title = {Induction of Decision Trees},
 journal = {MACH. LEARN},
 year = {1986},
 volume = {1},
 pages = {81--106}
}

@inproceedings{zheng2015data,
  title={Data center sprinting: Enabling computational sprinting at the data center level},
  author={Zheng, Wenli and Wang, Xiaorui},
  booktitle={Distributed Computing Systems (ICDCS), 2015 IEEE 35th International Conference on},
  pages={175--184},
  year={2015},
  organization={IEEE}
}

@article{zahedi2017computational,
  title={Computational Sprinting: Architecture, Dynamics, and Strategies},
  author={Zahedi, Seyed Majid and Fan, Songchun and Faw, Matthew and Cole, Elijah and Lee, Benjamin C},
  journal={ACM Trans. on Computer Systems},
  volume={34},
  number={4},
  pages={12},
  year={2017},
  publisher={ACM}
}

@inproceedings{Raghavan:Micro:2013,
 author = {A. Raghavan and Y. Luo and A. Chandawalla and M. Papaefthymiou and K. P. Pipe and T. F. Wenisch and M. M. K. Martin},
 title = {Designing for Responsiveness with Computational Sprinting},
 booktitle = {IEEE Micro},
 year = {2013}
}

@article{McCann:1993:DPA:151244.151246,
 author = {McCann, Cathy and Vaswani, Raj and Zahorjan, John},
 title = {A Dynamic Processor Allocation Policy for Multiprogrammed Shared-memory Multiprocessors},
 journal = {ACM Trans. Comput. Syst.},
 issue_date = {May 1993},
 volume = {11},
 number = {2},
 month = may,
 year = {1993},
 issn = {0734-2071},
 pages = {146--178},
 numpages = {33},
 url = {http://doi.acm.org/10.1145/151244.151246},
 doi = {10.1145/151244.151246},
 acmid = {151246},
 publisher = {ACM},
 address = {New York, NY, USA},
 keywords = {shared memory parallel processors, threads, two-level scheduling},
} 

@article{Tchernykh2009364,
title = "Idle regulation in non-clairvoyant scheduling of parallel jobs ",
journal = "Discrete Applied Mathematics ",
volume = "157",
number = "2",
pages = "364 - 376",
year = "2009",
note = "",
issn = "0166-218X",
doi = "http://dx.doi.org/10.1016/j.dam.2008.03.005",
url = "http://www.sciencedirect.com/science/article/pii/S0166218X08001285",
author = "Andrei Tchernykh and Denis Trystram and Carlos Brizuela and Isaac Scherson",
keywords = "Scheduling",
keywords = "Parallel jobs",
keywords = "Idle regulation "
}

@article{fiori2014electronics,
  title={Electronics based on two-dimensional materials},
  author={Fiori, Gianluca and Bonaccorso, Francesco and Iannaccone, Giuseppe and Palacios, Tom{\'a}s and Neumaier, Daniel and Seabaugh, Alan and Banerjee, Sanjay K and Colombo, Luigi},
  journal={Nature nanotechnology},
  volume={9},
  number={10},
  pages={768--779},
  year={2014}
}

@article{Reed:ACMComm:Exasacle,
  author    = {Daniel A. Reed and
               Jack Dongarra},
  title     = {Exascale computing and big data},
  journal   = {Commun. {ACM}},
  volume    = {58},
  number    = {7},
  pages     = {56--68},
  year      = {2015},
 }

@book{Puterman:1994:MDP,
 author = {Martin L. Puterman},
 title = {Markov Decision Processes: Discrete Stochastic Dynamic Programming},
 year = {1994},
  publisher = {John Wiley \& Sons, Inc.},
 }

 @inproceedings{Gardner:Sigmetric15:redundant,
  author    = {Kristen Gardner and
               Samuel Zbarsky and
               Sherwin Doroudi and
               Mor Harchol{-}Balter and
               Esa Hyyti{\"{a}}},
  title     = {Reducing Latency via Redundant Requests: Exact Analysis},
  booktitle = {Sigmetrics},
  pages     = {347--360},
  year      = {2015},
  }

@inproceedings{Chen:infocom09:DVFSmodel,
  author    = {Lydia Y. Chen and
               Natarajan Gautam},
  title     = {Server Frequency Control Using Markov Decision Processes},
  booktitle = {INFOCOM},
  pages     = {2951--2955},
  year      = {2009},
 }
 
@BOOK{Ross:StochasticProc,
  author =       {Sheldon M. Ross},
   title =        {Stochastic Processes},
  publisher =    {Wiley},
  year =         {1995},
 }


@inproceedings{Zhu:SoCC16:tail,
  author    = {Timothy Zhu and
               Daniel S. Berger and
               Mor Harchol{-}Balter},
  title     = {SNC-Meister: Admitting More Tenants with Tail Latency SLOs},
  booktitle = {SoCC},
  pages     = {374--387},
  year      = {2016},
 }

@inproceedings{Qiu:Infocom16:replication,
  author    = {Zhan Qiu and
               Juan F. P{\'{e}}rez and
               Peter G. Harrison},
  title     = {Variability-aware request replication for latency curtailment},
  booktitle = {INFOCOM},
  pages     = {1--9},
  year      = {2016},
 }

@inproceedings{Fan:ASPLOS16:SprintGame,
  author    = {Songchun Fan and
               Seyed Majid Zahedi and
               Benjamin C. Lee},
  title     = {The Computational Sprinting Game},
  booktitle = {ASPLOS},
  pages     = {561--575},
  year      = {2016},
 }
@INPROCEEDINGS{Jeon:ASPLOS16:TPC_parallel,
  author = {Myeongjae Jeon and Yuxiong He and Hwanju Kim and Sameh Elnikety and
	Scott Rixner and Alan L. Cox},
  title = {{TPC:} Target-Driven Parallelism Combining Prediction and Correction
	to Reduce Tail Latency in Interactive Services},
  booktitle = {ASPLOS},
  year = {2016},
}
@article{Esmaeilzadeh:Micro12:DarkSilicon,
  author    = {Hadi Esmaeilzadeh and
               Emily R. Blem and
               Ren{\'{e}}e St. Amant and
               Karthikeyan Sankaralingam and
               Doug Burger},
  title     = {Dark Silicon and the End of Multicore Scaling},
  journal   = {{IEEE} Micro},
  volume    = {32},
  number    = {3},
  pages     = {122--134},
  year      = {2012},
  }




@inproceedings{Wang:ICAC16:pricing,
  author    = {Cheng Wang and
               Bhuvan Urgaonkar and
               Aayush Gupta and
               Lydia Y. Chen and
               Robert Birke and
               George Kesidis},
  title     = {Effective Capacity Modulation as an Explicit Control Knob for Public
               Cloud Profitability},
  booktitle = {ICAC},
  pages     = {95--104},
  year      = {2016},
  }



 @inproceedings{Bailey:SC15:powerlimit,
  author    = {Peter E. Bailey and
               Aniruddha Marathe and
               David K. Lowenthal and
               Barry Rountree and
               Martin Schulz},
  title     = {Finding the limits of power-constrained application performance},
  booktitle = {SC},
  pages     = {79:1--79:12},
  year      = {2015},
 }

@inproceedings{Curstinger:SOSP15:Coz,
  author    = {Charlie Curtsinger and
               Emery D. Berger},
  title     = {Coz: finding code that counts with causal profiling},
  booktitle = {SOSP},
  pages     = {184--197},
  year      = {2015},
 }




 @inproceedings{Venkatesh:ASPLOS10:DarkSilicon,
  author    = {Ganesh Venkatesh and
               Jack Sampson and
               Nathan Goulding and
               Saturnino Garcia and
               Vladyslav Bryksin and
               Jose Lugo{-}Martinez and
               Steven Swanson and
               Michael Bedford Taylor},
  title     = {Conservation cores: reducing the energy of mature computations},
  booktitle = {ASPLOS},
  pages     = {205--218},
  year      = {2010},
 }

@article{Swanson:ICM11:Greendroid,
  author    = {Steven Swanson and
               Michael Bedford Taylor},
  title     = {Greendroid: Exploring the next evolution in smartphone application
               processors},
  journal   = {{IEEE} Communications Magazine},
  volume    = {49},
  number    = {4},
  pages     = {112--119},
  year      = {2011},
 }

@INPROCEEDINGS{Jeon:SIGIR14:ParWeb,
  author = {Myeongjae Jeon and Saehoon Kim and Seung{-}won Hwang and Yuxiong
	He and Sameh Elnikety and Alan L. Cox and Scott Rixner},
  title = {Predictive parallelization: taming tail latencies in web search},
  booktitle = {SIGIR},
  year = {2014}
}

@inproceedings{Goiri:ASPLOS15:CoolAir,
  author    = {I{\~{n}}igo Goiri and
               Thu D. Nguyen and
               Ricardo Bianchini},
  title     = {CoolAir: Temperature- and Variation-Aware Management for Free-Cooled
               Datacenters},
  booktitle = {ASPLOS},
  pages     = {253--265},
  year      = {2015},
 }

@article{haque2015few,
 author = {Haque, Md E. and Eom, Yong hun and He, Yuxiong and Elnikety, Sameh and Bianchini, Ricardo and McKinley, Kathryn S.},
 title = {Few-to-Many: Incremental Parallelism for Reducing Tail Latency in Interactive Services},
 journal = {SIGPLAN Not.},
 issue_date = {April 2015},
 volume = {50},
 number = {4},
 month = mar,
 year = {2015},
 issn = {0362-1340},
 pages = {161--175},
 }

@inproceedings{thereska2008ironmodel,
 author = {Thereska, Eno and Ganger, Gregory R.},
 title = {Ironmodel: Robust Performance Models in the Wild},
 booktitle = {Proceedings of the 2008 ACM SIGMETRICS International Conference on Measurement and Modeling of Computer Systems},
 series = {SIGMETRICS '08},
 year = {2008},
 isbn = {978-1-60558-005-0},
 pages = {253--264},
 numpages = {12},
 }

@inproceedings{zhang2016pupil,
 author = {Zhang, Huazhe and Hoffmann, Henry},
 title = {Maximizing Performance Under a Power Cap: A Comparison of Hardware, Software, and Hybrid Techniques},
 booktitle = {ASPLOS},
 year = {2016},
 isbn = {978-1-4503-4091-5},
 pages = {545--559},
 }

@misc{awsburstable,
howpublished={\url{https://aws.amazon.com/blogs/aws/low-cost-burstable-ec2-instances/}},
author={Jeff Barr},
year={2014}
}

@misc{reroutlabgit,
author={{Rerout Lab Git Repo}},
year=2016,
howpublished={\url{http://reroutlab.org/projects.html}}
}

@inproceedings{levin1975policy,
title={Policy/mechanism separation in Hydra},
author={Levin, Roy and Cohen, Ellis and Corwin, William and Pollack, Fred and Wulf, W},
booktitle={ACM SIGOPS Operating Systems Review},
volume={9},
number={5},
year={1975},
}

@inproceedings{gandhi2013exact,
title={Exact analysis of the M/M/k/setup class of Markov chains via recursive renewal reward},
author={Gandhi, Anshul and Doroudi, Sherwin and Harchol-Balter, Mor and Scheller-Wolf, Alan},
booktitle=SIGMETRICS,
year={2013}
}
						
@inproceedings{gandhi2014adaptive,
title={Adaptive, model-driven autoscaling for cloud applications},
author={Gandhi, Anshul and Dube, Parijat and Karve, Alexei and Kochut, Andrzej and Zhang, Li},
booktitle=ICAC,
 year={2014}
}

@inproceedings{singh2013yank,
title={Yank: Enabling Green Data Centers to Pull the Plug.},
author={Singh, Rahul and Irwin, David E and Shenoy, Prashant J and Ramakrishnan, Kadangode K},
booktitle=NSDI,
year={2013}
}

@inproceedings{li2014managing,
title={Managing Green Datacenters Powered by Hybrid Renewable Energy Systems},
author={Li, Chao and Wang, Rui and Li, Tao and Qian, Depei and Yuan, Jingling},
booktitle=ICAC,
year={2014}
}

@inproceedings{xu2016blending,
title={Blending On-Demand and Spot Instances to Lower Costs for In-Memory Storage},
author={Zichen Xu and Christopher Stewart and Nan Deng and Xiaorui Wang},
booktitle={IEEE INFOCOM},
year={2016}}

@inproceedings{xu2015cadre,
title={CADRE: Carbon-Aware Data Replication for Geo-Diverse Services},
author={Zichen Xu and Nan Deng and Christopher Stewart and Xiaorui Wang},
booktitle=ICAC,
year={2015}}

@inproceedings{stewart2010entomomodel,
title={EntomoModel: Understanding and Avoiding Performance Anomaly Manifestations (winner of Best Paper Award)},
author={Christopher Stewart and  Kai Shen and  Arun Iyengar and Jian Yin},
booktitle=MASCOTS,
year={2010}}

@inproceedings{dean2014perfscope,
title={PerfScope: Practical Online Server Performance Bug Inference in Production Cloud Computing Infrastructures},
author={Dean, Daniel J and Nguyen, Hiep and Gu, Xiaohui and Zhang, Hui and Rhee, Junghwan and Arora, Nipun and Jiang, Geoff},
booktitle=SOCC,
year={2014}
}

@inproceedings{dean2012ubl,
title={Ubl: unsupervised behavior learning for predicting performance anomalies in virtualized cloud systems},
author={Dean, Daniel Joseph and Nguyen, Hiep and Gu, Xiaohui},
booktitle=ICAC,
year={2012}
}
						
%dean2012ubl,dean2014perfscope,stewart2010entomomodel

@article{rotem2012power,
title={Power-management architecture of the intel microarchitecture code-named sandy bridge},
author={Rotem, Efraim and Naveh, Alon and Ananthakrishnan, Avinash and Rajwan, Doron and Weissmann, Eliezer},
journal={IEEE Micro},
year={2012}
}

@inproceedings{stewart2013zoolander,
title={Zoolander: Efficiently Meeting Very Strict, Low-Latency SLOs},
author={Christopher Stewart and  Aniket Chakrabarti and Rean Griffith},
booktitle={{IEEE International Conference on Autonomic Computing}},
year={2013}}

@inproceedings{lee2015scheduling,
title={On Scheduling Redundant Requests with Cancellation Overheads},
author={Lee, Kangwook and Pedarsani, Ramtin and Ramchandran, Kannan},
booktitle=ALLERTON,
year={2015}
}

@article{ardagna2014quality,
title={Quality-of-service in cloud computing: modeling techniques and their applications},
author={Ardagna, Danilo and Casale, Giuliano and Ciavotta, Michele and P{\'e}rez, Juan F and Wang, Weikun},
journal={Journal of Internet Services and Applications},
year={2014},
publisher={Springer}
}

@article{dean2013tail,
title={The tail at scale},
author={Dean, Jeffrey and Barroso, Luiz Andr{\'e}},
journal={Communications of the ACM},
volume={56},
number={2},
year={2013}}
								



@inproceedings{raghavan2012computational,
 author = {Raghavan, Arun and Luo, Yixin and Chandawalla, Anuj and Papaefthymiou, Marios and Pipe, Kevin P. and Wenisch, Thomas F. and Martin, Milo M.  K.},
 title = {Computational Sprinting},
 booktitle = {Proceedings of the 2012 IEEE 18th International Symposium on High-Performance Computer Architecture},
 series = {HPCA '12},
 year = {2012},
 isbn = {978-1-4673-0827-4},
 pages = {1--12},
 numpages = {12},
 url = {http://dx.doi.org/10.1109/HPCA.2012.6169031},
 doi = {10.1109/HPCA.2012.6169031},
 acmid = {2192689},
 publisher = {IEEE Computer Society},
 address = {Washington, DC, USA},
}



@INPROCEEDINGS{herbst2013elasticity,
  title={Elasticity in Cloud Computing: What It Is, and What It Is Not.},
  author={Herbst, Nikolas Roman and Kounev, Samuel and Reussner, Ralf},
  booktitle=ICAC,
  year={2013},
}

@inproceedings{hsu2015adrenaline,
  author    = {Chang{-}Hong Hsu and
               Yunqi Zhang and
               Michael A. Laurenzano and
               David Meisner and
               Thomas F. Wenisch and
               Jason Mars and
               Lingjia Tang and
               Ronald G. Dreslinski},
  title     = {Adrenaline: Pinpointing and reining in tail queries with quick voltage
               boosting},
  booktitle = HPCA,
  year      = {2015},
}



@INPROCEEDINGS{zitzler1998moo,
author = {Eckart Zitzler and Lothar Thiele},
title = {Multiobjective Optimization Using Evolutionary Algorithms - A Comparative Case Study},
booktitle = {},
year = {1998},
pages = {292--301},
publisher = {Springer},
}

@online{gowda2014bigbench,
author={Bhaskar Gowda and Nishkam Ravi},
title={BigBench: Toward An Industry-Standard Benchmark for Big Data Analytics},
year={2014},
howpublished={\url{http://blog.cloudera.com}},
}

@online{tpc2015who,
author={Transaction Processing Performance Council},
title={TPC Benchmark DS (TPC-DS): The New Decision Support Benchmark Standard},
year={2015},
howpublished={\url{http://www.tpc.org/tpcds/}},
}

@INPROCEEDINGS{rabl2014bigbench,
author={Tilmann Rabl and Ahmad Ghazal and Minqing Hu and Alain Crolotte and Francois Raab and Meikel Poess and Hans-Arno Jacobsen},
title={BigBench Specification V0.1
BigBench: An Industry Standard Benchmark for Big Data
Analytics},
booktitle = {},
year={2013},
month={April},
}

@INPROCEEDINGS{fan2014bigdata,
author={Jun Fan and Xinhui Li and Liu, C.H. and Buell, J. and Lu, G. and Lu, L.},
booktitle={Big Data (BigData Congress), 2014 IEEE International Congress on},
title={Diagnosing Virtualized Hadoop Performance from Benchmark Results: An Exploratory Study},
year={2014},
pages={578-585},
month={June},}

@online{stream2015infoq,
author={Kai W\"{a}hner},
title={Real-Time Stream Processing as Game Changer in a Big Data World with Hadoop and Data Warehouse},
year={2014},
howpublished={\url{http://www.infoq.com/articles/stream-processing-hadoop}},
}

@INPROCEEDINGS{koomey2011standford,
author={Jonathan G. Koomey},
booktitle={Analytics Press},
title={GROWTH IN DATA CENTER ELECTRICITY USE 2005 TO 2010},
year={2011},
month={Aug},
}

@online{energy2015nrdc,
author={Natural Resources Defense Council},
title={America's Data Centers Consuming and Wasting Growing Amounts of Energy},
year={2015},
howpublished={\url{http://www.nrdc.org/energy/data-center-efficiency-assessment.asp}},
}
@INPROCEEDINGS{nakaike2014iiswc,
author={Nakaike, T. and Inoue, H. and Suganuma, T. and Ohara, M.},
booktitle={Workload Characterization (IISWC), 2014 IEEE International Symposium on},
title={Characterization of call-graph profiles in Java workloads},
year={2014},
month={Oct},
pages={161-170},
}

@INPROCEEDINGS{kanev2014iiswc,
author={Kanev, S. and Hazelwood, K. and Wei, G.-Y. and Brooks, D.},
booktitle={Workload Characterization (IISWC), 2014 IEEE International Symposium on},
title={Tradeoffs between power management and tail latency in warehouse-scale applications},
year={2014},
month={Oct},
pages={31-40},
}

@INPROCEEDINGS{liu2013ieee,
author={Bingwei Liu and Blasch, E. and Yu Chen and Dan Shen and Genshe Chen},
booktitle={Big Data, 2013 IEEE International Conference on},
title={Scalable sentiment classification for Big Data analysis using Na{\"i} ve Bayes Classifier},
year={2013},
month={Oct},
pages={99-104},
}

@inproceedings{khuc2012sac,
author = {Khuc, Vinh Ngoc and Shivade, Chaitanya and Ramnath, Rajiv and Ramanathan, Jay},
title = {Towards Building Large-scale Distributed Systems for Twitter Sentiment Analysis},
booktitle = {Proceedings of the 27th Annual ACM Symposium on Applied Computing},
series = {SAC '12},
year = {2012},
pages = {459-464},
}

@inproceedings{casale2015,
author = {Casale, G and Ardagna, D and Artac, M and Barbier, F and Nitto, D and Henry, A and Iuhasz, G and Joubert, C and Merseguer, J and Munteanu, VI and Pérez, JF and Petcu, D and Rossi, M and Sheridan, C and Spais, I and Vladuši, D},
title = {DICE: Quality Driven Development of Data Intensive Cloud Applications},
year = {2015}
}

@inproceedings{baek2010pldi,
author = {Baek, Woongki and Chilimbi, Trishul M.},
title = {Green: A Framework for Supporting Energy-conscious Programming Using Controlled Approximation},
booktitle = {Proceedings of the 2010 ACM SIGPLAN Conference on Programming Language Design and Implementation},
series = {PLDI '10},
year = {2010},
pages = {198-209},
}

@inproceedings{he2012socc,
author = {He, Yuxiong and Elnikety, Sameh and Larus, James and Yan, Chenyu},
title = {Zeta: Scheduling Interactive Services with Partial Execution},
booktitle = {Proceedings of the Third ACM Symposium on Cloud Computing},
series = {SoCC '12},
year = {2012},
pages = {12:1-12:14},
}

@inproceedings{condie2010nsdi,
author = {Condie, Tyson and Conway, Neil and Alvaro, Peter and Hellerstein, Joseph M. and Elmeleegy, Khaled and Sears, Russell},
title = {MapReduce Online},
booktitle = {Proceedings of the 7th USENIX Conference on Networked Systems Design and Implementation},
series = {NSDI'10},
year = {2010},
pages = {21-21},
}

@inproceedings{goiri2015approxhadoop,
author = {Goiri, Inigo and Bianchini, Ricardo and Nagarakatte, Santosh and Nguyen, Thu D.},
title = {ApproxHadoop: Bringing Approximations to MapReduce Frameworks},
booktitle = {ASPLOS},
year = {2015},
}

@INPROCEEDINGS{shengsheng2010ieee,
author={Shengsheng Huang and Jie Huang and Jinquan Dai and Tao Xie and Bo Huang},
booktitle={Data Engineering Workshops (ICDEW), 2010 IEEE 26th International Conference on},
title={The HiBench benchmark suite: Characterization of the MapReduce-based data analysis},
year={2010},
month={March},
pages={41-51}
}

@inproceedings{joseph1991sigmetrics,
author = {Pasquale, Joseph and Bittel, Barbara and Kraiman, Daniel},
title = {A Static and Dynamic Workload Characterization Study of the San Diego Supercomputer Center Cray X-MP},
booktitle = {Proceedings of the 1991 ACM SIGMETRICS Conference on Measurement and Modeling of Computer Systems},
series = {SIGMETRICS '91},
year = {1991},
pages = {218-219},
}

@TECHREPORT{martin1999tech,
author = {Martin Arlitt and Tai Jin},
title = {Workload Characterization of the 1998 World Cup Web Site},
institution = {IEEE Network},
year = {1999}
}

@INPROCEEDINGS{zitao2012icppw,
author={Zitao Liu and Sangyeun Cho},
booktitle={Parallel Processing Workshops (ICPPW), 2012 41st International Conference on},
title={Characterizing Machines and Workloads on a Google Cluster},
year={2012},
month={Sept},
pages={397-403},
}

@inproceedings{ren2012iiswc,
author = {Ren, Zujie and Xu, Xianghua and Wan, Jian and Shi, Weisong and Zhou, Min},
title = {Workload Characterization on a Production Hadoop Cluster: A Case Study on Taobao},
booktitle = {Proceedings of the 2012 IEEE International Symposium on Workload Characterization (IISWC)},
series = {IISWC '12},
year = {2012},
pages = {3-13},
}

@article{calzarossa1993ieee,
author={Maria Calzarossa and Giuseppe Serazzi},
title={Workload Characterization: A Survey},
journal={Proceedings of the IEEE},
year={1993},
volume={81},
number={8},
pages={1136-1150},
month={August}
}

@article{albert2013informatica,
author={Albert Bifet},
title={Mining Big Data in Real Time},
journal={Informatica (Slovenia)},
year={2013},
volume={37},
number={1},
pages={15-20},
}

@techreport{said2002tech,
author={Said Elnaffar and Pat Martin},
title={Characterizing Computer Systems' Workloads},
institution={School of Computing, Queen's University, Canada},
year={2002},
month={December}
}

@article{xindong2013ieee,
author={Xindong Wu and Xingquan Zhu and Gong-Qing Wu and Wei Ding},
title={Data Mining with Big Data},
journal={Knowledge and Data Engineering, IEEE Transactions on},
year={2013},
volume={26},
number={1},
pages={97-107},
month={November}
}

@online{stinger2015horton,
author={HortonWorks},
title={Stinger.next: Hortonworks Focus for Apache Hive},
year={2015},
howpublished={\url{http://www.hortonworks.com/hadoop/hive}},
}

@book{edward1987book,
author={G Edward Barton and Robert C. Berwick and Eric Sven Ristad},
publisher={The MIT Press},
title={Computational Complexity and Natural Language},
year={1987}
}


@inproceedings{kamat2014distributed,
title={Distributed Interactive Cube Exploration},
author={Niranjan Kamat and Prasanth Jayachandran and Kathik Tunga and Arnab Nandi},
booktitle={{ICDE}},
year=2014
}


@inproceedings{spinner2014icpe,
 author = {Spinner, Simon and Casale, Giuliano and Zhu, Xiaoyun and Kounev, Samuel},
 title = {LibReDE: A Library for Resource Demand Estimation},
 booktitle = {Proceedings of the 5th ACM/SPEC International Conference on Performance Engineering},
 year = {2014}
}

@inproceedings{lama2013aroma,
 author = {Lama, Palden and Zhou, Xiaobo},
 title = {AROMA: Automated Resource Allocation and Configuration of Mapreduce Environment in the Cloud},
 booktitle = {Proceedings of the 9th International Conference on Autonomic Computing},
 series = ICAC,
 year = {2012},
}


@inproceedings{paiva2013autoplacer,
  title={AUTOPLACER: Scalable Self-Tuning Data Placement in Distributed Key-value Stores.},
  author={Paiva, Joao and Ruivo, Pedro and Romano, Paolo and Rodrigues, Lu{\'\i}s},
  booktitle={{International Conference on Autonomic Computing}},
  year={2013}
}

@inproceedings{guo2013vcache,
title={V-Cache: Towards Flexible Resource Provisioning for Multi-tier Applications in IaaS Clouds},
author={Y. Guo and P. Lama and J. Rao and X. Zhou},
booktitle={International Symposium on Parallel and Distributed Processing},
year={2013}
}

@inproceedings{amza2005transparent,
  title={Transparent caching with strong consistency in dynamic content web sites},
  author={Amza, Cristiana and Soundararajan, Gokul and Cecchet, Emmanuel},
  booktitle={Proceedings of the 19th annual international conference on Supercomputing},
  pages={264--273},
  year={2005},
  organization={ACM}
}

@misc{wikigrowth,
title={Wikipedia:Modelling Wikipedia's growth},
howpublished={\url{http://en.wikipedia.org/wiki/Wikipedia:Modelling_Wikipedias_growth}},
year=2014
}

@misc{ceze,
title={EnerJ, The Language of Good-Enough Computing},
author={A. Sampson and L. Ceze and D. Grossman},
howpublsihed={IEEE Spectrum},
year=2013
}

@misc{trec,
title={Technology Laboratory's (ITL) Retrieval Group},
howpublished={http://trec.nist.gov/data.html},
year=2014
}

@misc{forrest-2009,
author={B. Forrest},
title={Bing and Google Agree: Slow Pages Lose Users},
howpublished={\url{radar.oreilly.com}},
year=2009
}

@misc{bingblog,
title={Experimentation and Continuous Improvement at Bing},
author={N. Craswell and F. Radlinski},
howpublished={\url{http://blogs.bing.com/search-quality-insights}},
year=2013
}

@misc{falsett2004limitation,
  title={Limitation of the response time of a software process},
  author={Falsett, R. and Seyer, R. and Siemers, C.},
  url={http://www.google.com/patents/WO2003069424A3?cl=en},
  year={2004},
  month=dec # "~29",
  publisher={Google Patents},
  note={WO Patent App. PCT/EP2003/000,721}
}

@inproceedings{ghazal-sigmod-2013,
  title={BigBench: Towards an Industry Standard Benchmark for Big Data Analytics},
  author={A. Ghazal and T. Rabl and M. Hu and F. Raab and M. Poess and A. Crolotte and H. Jacobsen},
  booktitle={{ACM SIGMOD}},
  year=2013
}

@inproceedings{renganarayana-waca-2014,
title={Context-Aware Adaptive Approximation},
author={L. Renganarayana and V. Srinivasan and R. Nair and D. Prener},
booktitle={{First Workshop on Approximate Computing Across the Systems Stack }},
year=2014
}

@inproceedings{samadi-waca-2014,
title={CPU-GPU Collaboration for Output Quality Monitoring},
author={Mehrzad Samadi and Scott Mahilke},
booktitle={{First Workshop on Approximate Computing Across the Systems Stack }},
year=2014
}

@inproceedings{samadi-asplos-2014,
title={Paraprox: Pattern-Based Approximation for Data Parallel Applications},
author={M. Samadi and S. Mahilke},
booktitle=ASPLOS,
year=2014
}

@inproceedings{curtsinger-asplos-2013,
title={STABILIZER: Statistically Sound Performance Evaluation},
author={C. Curtsinger and E. Berger},
booktitle=ASPLOS,
year=2013
}

@inproceedings{bornholt-asplos-2014,
title={Uncertain <T>: A First-Order Type for Uncertain Data},
author={J. Bornholt and K. McKinley},
booktitle=ASPLOS,
year=2014
}


@inproceedings{ren-icac-2013,
title={Exploiting Processor Heterogeneity in Interactive Services},
author={Shaolei Ren and Yuxiong He and Sameh Elnikety and Kathryn McKinley},
booktitle= ICAC,
year={2013}
}

@inproceedings{songNSDI2009,
title={RPC Chains: Efficient Client-Server Communication in Geodistributed Systems},
author={Yee Jiun Song and Marcos K. Aguilera and Ramakrishna Kotla and Dahlia Malkhi},
booktitle=NSDI,
year={2009}
}

@article{barykin-vldb-2013,
  journal = {International Conference on Very Large Data Bases (VLDB)},
  author = {Barykin, Oleksandr and
Chopra, Bhuwan and
Gerea, Ciprian and
Metzler, Josh and
Subramanian, Subbu and
Wiener, Janet and
Reiss, David and
Merl, Daniel},
title = {{Scuba: Diving into Data at Facebook}},
year=2013,
}


@article{vlachos2010paralog,
  title={ParaLog: Enabling and accelerating online parallel monitoring of multithreaded applications},
  author={Vlachos, Evangelos and Goodstein, Michelle L and Kozuch, Michael A and Chen, Shimin and Falsafi, Babak and Gibbons, Phillip B and Mowry, Todd C},
  journal={ACM SIGARCH Computer Architecture News},
  volume={38},
  number={1},
  pages={271--284},
  year={2010},
  organization={ACM}
}

@inproceedings{murray2013naiad,
  title={Naiad: a timely dataflow system},
  author={Murray, Derek G and McSherry, Frank and Isaacs, Rebecca and Isard, Michael and Barham, Paul and Abadi, Martin},
  booktitle={Proceedings of the Twenty-Fourth ACM Symposium on Operating Systems Principles},
  pages={439--455},
  year={2013},
  organization={ACM}
}


@misc{netflix-data,
title={Netflix Prize},
howpublished={\url{http://www.netflixprize.com//index}}
}


@inproceedings{fonseca-nsdi-2007,
 author = {Fonseca, Rodrigo and Porter, George and Katz, Randy H. and Shenker, Scott and Stoica, Ion},
 title = {X-trace: A Pervasive Network Tracing Framework},
 booktitle = NSDI,
 year = {2007}
}


@inproceedings{ahmad-cikm-2008,
 author = {Ahmad, Mumtaz and Aboulnaga, Ashraf and Babu, Shivnath and Munagala, Kamesh},
 title = {Modeling and Exploiting Query Interactions in Database Systems},
 booktitle = {Proceedings of the 17th ACM Conference on Information and Knowledge Management},
 year = {2008},
}



@misc{goeschl-2009,
title={SOLR: An Open Source Enterprise Search Server},
author={Siegfried Goeschl},
howpublished={\url{http://apache.org}},
year=2009
}

@misc{lucid-2008,
title={The Case for Lucene/Solr: Real World Search Applications},
author={{Lucid Imagination}},
howpublished={{White Paper}},
year=2008
}

@inproceedings{huang-oopsla-2013,
title={Efficient Context Sensisitivity for Dynamic Analyses via Calling Context Uptrees and Customized Memory Management},
author={J. Huang and M. Bond},
booktitle={{OOPSLA}},
year = 2013
}

@inproceedings{nguyen-atc-2014,
title={Insight: In-situ Online Service Failure Path Inference in Production Computing Infrastructure},
author={H. Nguyen and D. Dean and K. Kc and X. Gu},
booktitle=USENIX,
year=2014
}

@inproceedings{elson-atc-2008,
title={Handling Flash Crowds from Your Garage},
author={Jeremy Elson and Jon Howell},
booktitle=USENIX,
year=2008
}


@misc{potter-slideshare-2013,
title={Scaling Solr 4 to Power Big Search in Social Media Analytics},
author={Timothy Potter},
howpublished={\url{http://www.slideshare.net}},
year=2013
}

@misc{tran-slideshare-2011,
title={Enterprise Search with Solr},
author={Minh Tran},
howpublished={\url{http://www.slideshare.net}},
year=2011
}

@inproceedings{meisner-asplos-2009,
        author = {D. Meisner and B. Gold and T. Wenisch},
        title = {PowerNap: Eliminating Server Idle Power},
        booktitle = ASPLOS,
        month = mar,
        year = 2009
}


@inproceedings{meisner-isca-2011,
title={Power Management of On-line Data Intensive Services},
author={D. Meisner and C. Sadler and L. Barroso and W-D. Weber and T. F. Wenisch},
booktitle=ISCA,
year=2011
}

@misc{lenchner-2011,
title={Knowing what it knows: selected nuances of Watson's strategy},
author={Jon Lenchner},
howpublished={\url{http://ibmresearchnews.blogspot.com}}
}

@inproceedings{jalaparti-sigcomm-2013,
title={Speeding up Distributed Request-Response Workflows},
author={V. Jalaparti and P. Bodik and S. Kandula and I. Menache and M. Rybalkin and C. Yan},
booktitle={SIGCOMM},
year=2013
}


@article{kraska2011piql,
  title={PIQL: Success-Tolerant Query Processing in the Cloud},
  author={Kraska, Michael Armbrust Kristal Curtis Tim and David, Armando Fox Michael J Franklin and Patterson, A},
  journal={Proceedings of the VLDB Endowment},
  volume={5},
  number={3},
  year={2011}
}

@misc{easyrec-webpage,
title={Easyrec-Open Source Recommendation Engine},
howpublished={\url{http://easyrec.org/}},
year=2014
}

@misc{nanoweb-webpage,
title={Nanoweb-The PHP Server},
howpublished={\url{http://nanoweb.si.kz/}},
year=2014
}

@article{ljungblad2012online,
  title={Online recommendations at web-scale using matrix factorisation},
  author={Ljungblad, Marcus},
  year={2012}
}

@misc{everts,
author={T. Everts},
title={4 awesome slides showing how page speed correlates to business metrics at Walmart.com},
howpublished={\url{http://www.webperformancetoday.com}},
year=2012
}


@misc{amazonsecret,
title={Amazon's recommendation secret},
author={JP Mangalindan},
howpublished={\url{http://tech.fortune.cnn.com/2012/07/30/amazon-5/}},
year=2012
}

@misc{ibmwatsonratings,
title={Jeopardy! finds the right ratings answers with IBM's Watson and Ken Jennings},
author={S. Collins},
howpublished={Los Angeles Times},
month=feb,
year=2011
}

@inproceedings{delimitrou-icac-2013,
title={QoS-Aware Admission Control in Heterogeneous Datacenters},
author={Christina Delimitrou and Nick Bambos and Christos Kozyrakis},
booktitle=ICAC,
year=2013
}

@inproceedings{chockler-tr-2013,
title={Design and implementation of caching services in the cloud},
author={G. Chockler and G. Laden and Y. Vigfusson},
booktitle={{IBM Technical Report}},
year=2012
}

@inproceedings{chockler-tr-2013,
title={Design and implementation of caching services in the cloud},
author={G. Chockler and G. Laden and Y. Vigfusson},
booktitle={{IBM Technical Report}},
year=2012
}

@inproceedings{dean-acmcomm-2013,
  author    = {J. Dean and L. Barroso},
  title     = {The Tail at Scale},
  booktitle = {Communications of the ACM},
  year      = {2013},
}

@misc{sintef-2013,
    author = {SINTEF},
    journal = {ScienceDaily},
    month = may,
    number = {22},
    title = {Big Data, for better or worse: 90\% of world's data generated over last two years.},
    year = {2013},
    howpublished={\url{http://www.sciencedaily.com/releases/2013/05/130522085217.htm}}
}

@inproceedings{ghemawat-sosp-2003,
title={The Google File System},
author={Sanjay Ghemawat and Howard Gobioff and Shun-Tak Leung},
booktitle=SOSP,
year=2003
}

@inproceedings{candea-asplos-2012,
title={Data Races vs. Data Race Bugs: Telling the Difference with Portend},
author={Baris Kasikci and Cristian Zamfir and George Candea},
booktitle=ASPLOS,
year=2012
}

@inproceedings{gribble-asplos-2013,
title={DDOS: Taming Nondeterminism in Distributed Systems},
author={Nicholas Hunt and Tom Bergan and Luis Ceze and Steven D. Gribble},
booktitle=ASPLOS,
year=2013
}

@inproceedings{clement-alvisi-osdi-2012,
title={All about Eve: Execute-Verify Replication for Multi-Core Servers},
author={Manos Kapritsos and Yang Wang and Vivien Quema and Allen Clement and Lorenzo Alvisi and Mike Dahlin},
booktitle=OSDI,
year=2012
}

@inproceedings{arpaci-dusseau-sosp-2013,
title={Optimistic Crash Consistency},
author={Vijay Chidambaram and Thanumalayan Sankaranarayana Pillai and Andrea C. Arpaci-Dusseau and Remzi H. Arpaci-Dusseau},
booktitle=SOSP,
year=2013
}

@inproceedings{andersen-fan-nsdi-2013,
title={MemC3: Compact and Concurrent MemCache with Dumber Caching and Smarter Hashing},
author={Bin Fan and David G. Andersen and Mickael Kaminsky},
booktitle=NSDI,
year=2013
}

@inproceedings{andersen-lloyd-nsdi-2013,
title={Stronger Semantics for Low-Latency Geo-Replicated Storage},
author={Wyatt Lloyd and Michael J. Freedman and Michael Kaminsky and David G. Andersen},
booktitle=NSDI,
year=2013
}

@inproceedings{andersen-vasudevan-socc-2012,
title={Using Vector Interfaces to Deliver Millions of IOPS from a Networked Key-value Storage Server},
author={Vijay Vasudevan and Michael Kaminsky and David G. Andersen},
booktitle=SOCC,
year=2012
}

@inproceedings{kelley-dcperf-2013,
title={Balanced and Predictable Networked Storage},
author={Jaimie Kelley and Christopher Stewart},
booktitle=DCPERF,
year=2013
}

@inproceedings{deng-icac-2012,
title={Adaptive Green Hosting},
author={Nan Deng and Christopher Stewart and Daniel Gmach and Martin Arlitt and Jaimie Kelley},
booktitle=ICAC,
year=2012
}

@inproceedings{andersen-lim-sosp-2011,
title={SILT: A Memory-Efficient, High-Performance Key-Value Store},
author={Hyeontaek Lim and Bin Fan and David G. Andersen and Michael Kaminsky},
booktitle=SOSP,
year=2011
}

@inproceedings{feamster-trans-2013,
title={Answering "What-If" Deployment and Configuration Questions With WISE: Techniques and Deployment Experience},
author={Mukarram Bin Tariq and Kaushik Bhandankar and Vytautas Valancius and Amgad Zeitoun and Nick Feamster and Mostafa Ammar},
booktitle={{IEEE/ACM TRANSACTIONS ON NETWORKING}},
year=2013
}

@inproceedings{geambasu-osdi-2012,
title={CleanOS: Limiting Mobile Data Exposure with Idle Eviction},
author={Yang Tang and Phillip Ames and Sravan Bhamidipati and Ashish Bijlani and Roxana Geambasu and Nkihil Sarda},
booktitle=OSDI,
year=2012
}

@inproceedings{clement-osdi-2012,
title={Making Geo-Replicated Systems Fast as Possible, Consistent when Necessary},
author={Cheng Li and Daniel Porto and Allen Clement and Johannes Gehrke and Nuno Preguica and Rodrigo Rodrigues},
booktitle=OSDI,
year=2012
}

@inproceedings{andersen-fan-socc-2011,
title={Small Cache, Big Effect: Provable Load Balancing for Randomly Partitioned Cluster Services},
author={Bin Fan and Hyeontaek Lim and David G. Andersen and Michael Kaminsky},
booktitle=SOCC,
year=2011
}

@inproceedings{adya-sosp-2011,
title={Thialfi: A Client Notification Service for Internet-Scale Applications},
author={Atul Adya and Gregory Cooper and Daniel Myers and Michael Piatek},
booktitle=SOSP,
year=2011
}

@inproceedings{sundeep-ic2e-2014,
title={Managing Tiny Tasks for Data-Parallel, Subsampling Workloads},
author={Sundeep Kambhampati and Jaimie Kelley and Christopher Stewart and William C.L. Stewart and Rajiv Ramnath},
booktitle={{IEEE International Conference on Cloud Engineering}},
year=2014
}

@INPROCEEDINGS{kelley-icac-2015,
author={Kelley, J. and Stewart, C. and Morris, N. and Tiwari, D. and Yuxiong He and Elnikety, S.},
booktitle=ICAC,
title={Measuring and Managing Answer Quality for Online Data-Intensive Services},
year={2015},
}


@inproceedings{morris2016sprint,
title={Sprint Ability: How Well Does Your Software Exploit Bursts in Processing Capacity?},
author={Nathaniel Morris and Siva Meenakshi Renganathan and Christopher Stewart and Robert Birke and Lydia Chen},
booktitle={International Conference on Autonomic Computing},
year={2016}}

@inproceedings{mishra2017esp,
author={Nikita Mishra and John Lafferty and Henry Hoffmann},
title={ESP: A Machine Learning Approach to Predicting Application Interference},
booktitle={International Conference on Autonomic Computing},
year={2017}
}

@inproceedings{kelley-ladis-2013,
author={J. Kelley and C. Stewart and S. Elnikety and Y. He},
title={Cache Provisioning for Interactive NLP Services},
booktitle=LADIS,
year=2013
}

@inproceedings{stewart-icac-2013,
title={Zoolander: Efficiently Meeting Very Strict, Low-Latency SLOs},
author={Christopher Stewart and Aniket Chakrabarti and Rean Griffith},
booktitle=ICAC,
year=2013
}

@inproceedings{stewart-eurosys-2007,
        author = {C. Stewart and T. Kelly and A. Zhang},
        title = {Exploiting Nonstationarity for Performance Prediction},
        booktitle = EUROSYS,
        year = 2007,
        month = mar
}


@inproceedings{hwang-icac-2013,
title={Adaptive Performance-Aware Distributed Memory Caching},
author={Jinho Hwang and Timothy Wood},
booktitle=ICAC,
year=2013
}

@inproceedings{joachims-sigir-2005,
title={Accurately interpreting clickthrough data as implicit feedback},
author={Thorsten Joachims and Laura Granka and Bing Pan and Helene Hembrooke and Geri Gay},
booktitle=SIGIR,
year=2005
}

@inproceedings{barroso-micro-2003,
title={Web search for a planet: the Google cluster architecture},
author={Luiz Andre Barroso and Jeffrey Dean and Urs Holzle},
booktitle=MICRO,
year=2003
}

%hwang-icac-2013,stewart-icac-2013,dean-acmcomm-2013,

@misc{gelfond-highscalability-2011,
title={TripAdvisor Architecture - 40M Visitors, 200M Dynamic Page Views, 30TB Data},
author={A. Gelfond},
howpublished={\url{http://highscalability.com}},
month=jun,
year=2011
}

@misc{hsaio-highscalability-2012,
title={An Epic TripAdvisor Update: Why Not Run on the Cloud? The Grand Experiment},
author={S. Hsiao and L. Massa and V. Luu},
howpublished={\url{http://highscalability.com}},
month=oct,
year=2012
}

@misc{itrs-webpage,
title={The ITRS DRAM cost is the cost per bit (packaged microcents) at production},
author={{International Technology Roadmap for Semiconductors}},
howpublished={http://www.itrs.net/}
}

@inproceedings{badue-arxiv-2010,
title={Capacity Planning for Vertical Search Engines},
author={C. Badue and J. Almeida and V. Almeida and R. Baeza-Yates and and B. Ribeiro-Neto and A. Ziviani and N. Ziviani},
howpublished={{arXiv}},
year=2010
}

@misc{memcached-webpage,
title={Memcached: A Distributed Memory Object Caching System},
howpublished={\url{www.memcached.ord}}
}

@misc{flume-webpage,
title={Welcome to Apache Flume},
howpublished={\url{http://flume.apache.org/}}
}

@misc{lucene-webpage,
title={Apache Lucene},
howpublished={\url{http://lucene.apache.org/core/}}
}

@misc{redis-webpage,
title={Redis},
howpublished={\url{http://redis.io/}}
}

@misc{disksim-webpage,
title={The DiskSim Simulation Environment (v4.0)},
howpublished={\url{http://www.pdl.cmu.edu/DiskSim/}}
}

@misc{openephyra-webpage,
title={The Ephyra Question Answering System},
howpublished={\url{http://www.ephyra.info/}}
}



@book{manning-2008,
author={Christopher Manning and Prabhakar Raghavan and Hinrich Schütze},
title={Introduction to Information Retrieval},
publisher={Cambridge University Press},
year=2008
}

@inproceedings{adams-icac-2006,
title={Scalable Management: Technologies for Management of Large Scale Distributed Systems},
author={Robert Adams and Paul Brett and Subu Iyer and Dejan Milojicic and Sandro Rafaeli and Vanish Talwar},
booktitle=ICAC,
year=2006
}

@article{allspaw-2008,
title={The Art of Capacity Planning: Scaling Web Resources},
author={J. Allspaw},
booktitle={{O’Reilly Media, Inc.}},
year=2008
}


@inproceedings{jeon-eurosys-2013,
title={Adaptive Parallelization of Web Search},
author={M. Jeon and Y. He and S. Elnikety and A. Cox and S. Rixner},
booktitle=EUROSYS,
year=2013
}

@inproceedings{merchant-icac-2011,
author={Arif Merchant and Mustafa Uysal and Pradeep Padala and Xiaoyun Zhu and Sharad Singhal and Kang Shin},
title={Maestro: quality-of-service in large disk arrays},
booktitle=ICAC,
year=2011
}

@inproceedings{stokely-sciencecloud-2012,
title={Projecting Disk Usage Based on Historical Trends in a Cloud Environment},
author={M. Stokely and A. Mehrabian and C. Albrecht and F. Labelle and A. Merchant},
booktitle={{ScienceCloud}},
year=2012
}

@inproceedings{icac-2011,
title={Project Hoover: Auto-Scaling Streaming Map-Reduce Applications},
author={R. Ramesh and L. Hu and K Schwan},
booktitle=ICAC,
year=2011
}

@inproceedings{le-sigircse-2010,
title={Ensuring quality in crowdsourced search relevance evaluation: The effects of training question distribution},
author={John Le and Andy Edmonds and Vaughn Hester adn Lukas Biewald},
booktitle=CSE,
year=2010
}

@inproceedings{ferrucci-aaai-2010,
title={The AI Behind Watson---The Technical Article},
author={D. Ferrucci and E. Brown and J. Chu-Carroll and J. Fan and D. Gondek and A. Kalyanpur and A. Lally and J. Murdock and E. Hyberg and J. Prager and N. Schlaerfer and C. Welty},
booktitle={{The AI Magazine}},
year=2010
}


@misc{rigor-2012,
title={Why Performance Matters to Your Bottom Line},
author={rigor.com},
howpublished={\url{http://rigor.com/2012/09/roi-of-web-performance-infographic}}
}

@misc{roe-2012,
title={The Growth of Unstructured Data: What To Do with All Those Zettabytes?},
author={C. Roe},
howpublished={\url{www.dataversity.net}},
year=2012
}

@misc{mackie-2009,
title={How Fast is our Data Volume Growing},
author={Steve Mackie},
howpublished={{Storage Strategies Inc.}},
year={2009}
}

@misc {watson-webpage,
title={IBM Watson},
author={IBM},
howpublished={\url{www.ibmwatson.com}}
}

@inproceedings{he-icac-2012,
title={Budget-based Control for Interactive Services with Adaptive Execution},
author={Yuxiong He and Zihao Ye and Qiang Fu and Sameh Elnikety},
booktitle=ICAC,
year={2012}
}

@inproceedings{he-icdcs-2011,
title={ Tians Scheduling: Using Partial Processing in Best-Effort Applications},
author={Yuxiong He and Sameh Elnikety and Hongyang Sun},
booktitle={ICDCS},
year={2011}
}


@inproceedings{cooper-socc-2010,
  author    = {Brian F. Cooper and
               Adam Silberstein and
               Erwin Tam and
               Raghu Ramakrishnan and
               Russell Sears},
  title     = {Benchmarking cloud serving systems with YCSB},
  booktitle = {{SoCC}},
  year      = {2010},
}


@article{mitzenmacher-2001,
  author = {M. mitzenmacher},
  title = {The Power of Two Choices in Randomized Load Balancing},
  journal = {IEEE Transactions on Parallel and Distributed Systems},
  year = 2001
}


@article{vogels-queue-2008,
  author    = {W. Vogels},
  title     = {Eventually Consistent},
  journal   = {ACM Queue},
  year      = {2008},
}


@misc{cassandra-tuning,
 title={Cassandra: The Definitive Guide},
 author={Eben Hewitt},
 year = 2011,
 key={hewitt}
}

@inproceedings{madhyastha-fast-2012,
title= {scc: Cluster Storage Provisioning Informed by Application Characteristics and SLAs},
author={H. Madhyastha and J. McCullough and G Porter and R Kapoor and S Savage and A. Snoeren and A Vahdat},
booktitle={FAST},
year=2012
}

@inproceedings{alizadeh-nsdi-2012,
title = {Less is More: Trading a little Bandwidth for Ultra-Low Latency in the Data Center},
author={M. Alizadeh and A. Kabbani and T. Edsall and B. Prabhakar and A. Vahdat and M. Yasuda},
booktitle={NSDI},
year=2012
}


@inproceedings{ongara-sosp-2011,
  author    = {Diego Ongaro and
               Stephen M. Rumble and
               Ryan Stutsman and
               John K. Ousterhout and
               Mendel Rosenblum},
  title     = {Fast crash recovery in RAMCloud},
  booktitle = {SOSP},
  year      = {2011}
}


@inproceedings{mogul-hotos-2003,
  author    = {Jeffrey C. Mogul},
  title     = {TCP Offload Is a Dumb Idea Whose Time Has Come},
  booktitle = {{HotOS}},
  year      = {2003}
}






@inproceedings{shad-vldb-2010,
title={Runtime Measurements in the Cloud: Observing, Analyzing, and Reducing Variance},
author={J. Schad and J Dittrich and J. Quian´e-Ruiz},
booktitle={{VLDB}},
year= 2010
}

@article{crovella-1997,
author={Crovella, Mark E. and Bestavros, Azer},
title={Self-Similarity in {W}orld {W}ide {W}eb Traffic: Evidence and Possible Causes},
journal={IEEE/ACM Transactions on Networking},
year={1997},
volume=5,
number=6
}

@inproceedings{junqueira-dsn-2011,
author = {F. Junqueira and B. Reed and M. Serafini},
title = {Zab: High-performance broadcast for primary-backup systems},
booktitle = {Conference on DSN},
year = 2011
}

@inproceedings{sharma-asplos-2011,
author = {Sharma, Navin and Barker, Sean and Irwin, David and Shenoy, Prashant},
 title = {Blink: managing server clusters on intermittent power},
 booktitle = ASPLOS,
 month = mar,
 year = 2011,
}


@inproceedings{burrows-osdi-2006,
 author = {Burrows, Mike},
 title = {The Chubby lock service for loosely-coupled distributed systems},
 booktitle = {Proceedings of the 7th symposium on Operating systems design and implementation},
 series = {OSDI '06},
 year = {2006},
}

@inproceedings{reed-ladis-2008,
 author = {Reed, Benjamin and Junqueira, Flavio P.},
 title = {A simple totally ordered broadcast protocol},
 booktitle = {Proceedings of the 2nd Workshop on Large-Scale Distributed Systems and Middleware},
 year = {2008}
}

@inproceedings{junqueira-disc-2009,
author={Flavio Paiva Junqueira and Benjamin C. Reed},
title ={Zab: A Practical Totally Ordered Broadcast Protocol},
booktitle= {Brief Announcement in DISC},
year = {2009}
}

@misc{uml-webpage,
 author={Jeff Dike},
 title = {User-Mode Linux},
 webpage = {\url{http://user-mode-linux.sourceforge.net/}}
}

@inproceedings{mcnett-lisa-2007,
  author = {Marvin McNett and Diwaker Gupta and Amin Vahdat and Geoffrey M. Voelker},
  title = {{Usher: An Extensible Framework for Managing Clusters of Virtual Machines}},
  booktitle = {Proceedings of the 21st Large Installation System Administration Conference (LISA)},
  year = {2007},
  month = {November},
}


@inproceedings{brewer-podc-2000,
author={E. Brewer},
year={2000},
title={Towards robust distributed systems (abstract)},
booktitle={Symposium on Principles of Distributed Computing}
}

@article{gilbert-sigact-2002,
 author = {S. Gilbert and N. Lynch},
 title = {Brewer's conjecture and the feasibility of consistent, available, partition-tolerant web services},
 journal = {SIGACT News},
 volume = {33},
 issue = {2},
 year = {2002},
}




@inproceedings{adya-osdi-2002,
author={Atul Adya and  William J. Bolosky and  Miguel Castro and  Gerald Cermak and  Ronnie Chaiken and  John R. Douceur and  Jon Howell and  Jacob R. Lorch and  Marvin Theimer and Roger P. Wattenhofer},
title ={FARSITE: Federated, available, and reliable storage for an incompletely trusted environment},
booktitle=OSDI,
year=2002
}


@INPROCEEDINGS{padala-eurosys-2007,
    author = {P. Padala and Kang G. Shin and Xiaoyun Zhu and Mustafa Uysal and Zhikui Wang and Sharad Singhal and Arif Merchant and Kenneth Salem},
    title = {Adaptive control of virtualized resources in utility computing environments},
    booktitle = EUROSYS,
    year = 2007,
}


@inproceedings{wang-mascots-2004,
title={Storage Device Performance Prediction with CART Models},
author={Mengzhi Wang and Kinman Au and Anastassia Ailamaki and Anthony Brockwell and Christos Faloutsos and Gregory R. Ganger},
booktitle = MASCOTS,
year = 2004
}

@inproceedings{anderson-hp-2001,
author={Eric Anderson},
title ={Simple table-based modeling of storage devices},
booktitle = {Technical Report HP Labs},
year = 2001
}

@inproceedings{guo-ipdps-2013,
title={V-Cache: Towards flexible resource provisioning for multi-tier applications in iaas clouds},
author={Yanfei Guo and Palden Lama and Jia Rao and Xiaobo Zhou},
booktitle = IPDPS,
year = 2013
}

@misc{floyd-1997,
title={Adaptive Web Caching},
author = {Lixia Zhang and Sally Floyd and Van Jacobson},
year = 1997
}

@inproceedings{sigelman-tr-2010,
title={Dapper,  a Large-Scale Distributed Systems Tracing Infrastructure},
author={B. Sigelman and L. Barroso and M. Burrows and P. Stephenson and M. Plakal and D. Beaver and S. Jaspan and C. Shanbag},
booktitle={Google Technical Report},
year=2010
}

@inproceedings{reynolds-nsdi-2005,
author={P. Reynolds and C. Killian and J. Weiner and J. Mogul and J. Chase and M. Shah and A. Vahdat},
title={Pip: Detecting the Unexpected in Distributed Systems},
booktitle=NSDI,
year=2006
}

@inproceedings{banga-osdi-1999,
title={Resource Containers: A New Facility for Resource Management in Server Systems },
author={Gaurav Banga and Peter Druschel and Jeff Mogul},
booktitle={OSDI},
year=1999
}


@inproceedings{barham-osdi-2004,
  title={Using Magpie for Request Extraction and Workload Modelling.},
  author={Barham, Paul and Donnelly, Austin and Isaacs, Rebecca and Mortier, Richard},
  booktitle={OSDI},
  year={2004}
}

@inproceedings{shen-asplos-2012,
title={Power Containers: An OS Facility for Fine-Grained Power and Energy Management on Multicore Servers},
author={Kai Shen and Arrvindh Shriraman and Sandhya Dwarkadas and Xiao Zhang and Zhuan Chen},
booktitle=ASPLOS,
year=2012
}



@inproceedings{cohen-osdi-2004,
        author = {I. Cohen and M. Goldszmidt and T. Kelly and J. Symons and J. Chase},
        title = {Correlating Instrumentation Data to System States: A Building Block for Automated Diagnosis and Control},
        booktitle = OSDI,
        pages = {231--244},
        month = dec,
        year = 2004
}

@inproceedings{doyle-usits-2003,
        author      = {R. P. Doyle and J. S. Chase and O. M. Asad and W. Jin and A. M. Vahdat},
        title       = {Model-based Resource Provisioning in a Web Service Utility},
        booktitle   = {USITS},
        month       = mar,
        year        = 2003,
}


@inproceedings{urgaonkar-sigmetrics-2005,
        author      = {B. Urgaonkar and G. Pacifici and P. Shenoy and M. Spreitzer and A. Tantawi},
        title       = {An Analytical Model for Multi-tier Internet Services and Its Applications},
        booktitle   = SIGMETRICS,
        address     = {Banff, Canada},
        year = 2005

}

@inproceedings{thereska-sigmetrics-2008,
        author = {E. Thereska and G. R. Ganger},
        title = {{IRONModel}: Robust Performance Models in the Wild},
        booktitle = SIGMETRICS,
        address = {Annapolis, MD},
        month = jun,
        year = 2008,
}

@inproceedings{shen-osdi-2002,
        author          = {K. Shen and H. Tang and T. Yang and L. Chu},
        title           = {Integrated Resource Management for Cluster-based {Internet} Services},
        booktitle       = OSDI,
        month           = dec,
        year            = 2002
}

@inproceedings{chen-icac-2006,
author={ Jin Chen and Soundararajan, G. and Amza, C.},
booktitle={Autonomic Computing, 2006. ICAC '06. IEEE International Conference on},
title={Autonomic Provisioning of Backend Databases in Dynamic Content Web Servers},
year={2006}
}

@inproceedings{ousterhout-osr-2009,
       booktitle = {SIGOPS OSR},
           title = {The Case for RAMClouds: Scalable High-Performance Storage Entirely in DRAM},
          author = {John K. Ousterhout and Parag Agrawal and David Erickson and Christos  Kozyrakis and Jacob  Leverich and David Mazi\`eres and Subhasish Mitra and Aravind  Narayanan and Mendel Rosenblum and Stephen M.  Rumble and Eric Stratmann and Ryan  Stutsman},
            year = {2009},
}


@inproceedings{urgaonkar-osdi-2002,
  author    = {B. Urgaonkar and P. Shenoy and T. Roscoe},
  title     = {Resource Overbooking and Application Profiling in Shared Hosting Platforms},
  booktitle = OSDI,
  year      = {2002}
}


@inproceedings{yang-cidr-2009,
  author    = {F. Yang and J. Shanmugasundaram and R. Yerneni},
  title     = {A Scalable Data Platform for a Large Number of Small Applications},
  booktitle = {CIDR},
  year      = {2009}
}


@inproceedings{lee-sciencecloud-2010,
 author = {Lee, Craig A.},
 title = {A perspective on scientific cloud computing},
 booktitle = {Science Cloud Workshop colocated with the Symposium on High Performance Distributed Computing},
 year = {2010},
}

@book {gray,
    author= {Jim Gray},
    title = {Transaction Processing: Concepts and Techniques},
    year = {1993}
}

@article{stonebraker-2011,
author={Michael Stonebraker},
title ={Stonebraker on Data Warehouses},
journal = {Communcations of the ACM},
year = {2011}
}

@article{stonebraker-2010,
author={Michael Stonebraker},
title ={SQL Databases v. NoSQL Databases},
journal = {Communcations of the ACM},
year = {2010}
}

@inproceedings{chassin-tdce-2008,
author={Chassin, D.P. and Schneider, K. and Gerkensmeyer, C.},
booktitle={Transmission and Distribution Conference and Exposition},
title={GridLAB-D: An open-source power systems modeling and simulation environment},
year={2008},
month={april},
}

@inproceedings{uyeda-wosn-2009,
author = {Frank Uyeda and Diwaker Gupta and Amin Vahdat and George Varghese},
title = {GrassRoots: Socially-Driven Web Sites for the Masses},
booktitle = {{Workshop on Online Social Networks (WOSN)}},
month= aug,
year = 2009
}

@inproceedings{sobel-cca-2008,
    author = {Will Sobel and Shanti Subramanyam and Akara Sucharitakul and Jimmy Nguyen and Hubert Wong and Arthur Klepchukov and Sheetal Patil and O Fox and David Patterson},
    title = {Cloudstone: Multi-platform, multi-language benchmark and measurement tools for web 2.0},
    booktitle = {{Workshop on Cloud Computing}},
    year = {2008}
}


@inproceedings{cipar-eurosys-2012,
title = {LazyBase: Trading freshness for performance in a scalable database},
booktitle = {Eurosys},
author = {J. Cipar and G. Ganger and K. Keeton and C. Morrey and C. Soules and A. Veitch},
year=2012
}


@inproceedings{hunt-usenix-2010,
    author = {Patrick Hunt and Mahadev Konar and Flavio P. Junqueira and Benjamin Reed},
    title = {ZooKeeper: Wait-free Coordination for Internet-scale Systems},
    booktitle = {USENIX},
    year = {2010}
}


@inproceedings{shen-sigmetrics-2009,
    author = {Kai Shen and Christopher Stewart and Chuanpeng Li and Xin Li},
    title = {Reference-driven performance anomaly identification},
    booktitle = SIGMETRICS,
    year = {2009},
}

@inproceedings{stewart-mascots-2010,
author = {C. Stewart and K. Shen and A. Iyengar and J. Yin},
title = {EntomoModel: Understanding and Avoiding Performance Anomaly Manifestations},
booktitle = MASCOTS,
year = {2010}
}

@inproceedings{stewart-nsdi-2005,
        author      = {C. Stewart and K. Shen},
        title       = {Performance Modeling and System Management for Multi-component Online Services},
        booktitle   = NSDI,
        month       = may,
        year        = 2005
}

@inproceedings{trushkowsky-fast-2011,
author = "Beth Trushkowsky and Peter Bodík and Armando Fox and Michael J. Franklin and Michael I. Jordan and David A. Patterson",
title = "The SCADS Director: Scaling a Distributed Storage System Under Stringent Performance Requirements.",
booktitle = FAST,
year = {2011}
}

@inproceedings{decandia-sosp-2007,
    author = {Giuseppe DeCandia and Deniz Hastorun and Madan Jampani and Gunavardhan Kakulapati and Avinash Lakshman and Alex Pilchin and Swaminathan Sivasubramanian and Peter Vosshall and Werner Vogels},
    title = {Dynamo: amazon’s highly available key-value store},
    booktitle = SOSP,
    year = {2007},
}

@inproceedings{ananthanarayanan-osdi-2010,
author = {Ananthanarayanan, Ganesh and Kandula, Srikanth and Greenberg, Albert and Stoica, Ion and Lu, Yi and Saha, Bikas and Harris, Edward},
title = {Reining in the outliers in map-reduce clusters using Mantri},
booktitle = OSDI,
year = {2010},
}



@misc{keynote-webpage,
key = {keynote},
author = {{Keynote Systems}},
title = {Transaction Performance Index for Online Retail Web Sites Electronics},
year = 2008,
howpublished = {\url{http://keynote.com/keynote_competitive_research/performance_indices/retail/retail_electronics_index.html}}
}


@inproceedings{cooper-vldb-2008,
author = {Brian F. Cooper and Raghu Ramakrishnan and Utkarsh Srivastava and Adam Silberstein and Philip Bohannon and Hans-arno Jacobsen and Nick Puz and Daniel Weaver and Ramana Yerneni},
title = {PNUTS: Yahoo!’s hosted data serving platform},
booktitle = {VLDB},
year = {2008}
}

@inproceedings{lim-sosp-2011,
 author = {Lim, Hyeontaek and Fan, Bin and Andersen, David G. and Kaminsky, Michael},
 title = {SILT: a memory-efficient, high-performance key-value store},
 booktitle = {SOSP},
 year = {2011}
}

@inproceedings{he-socc-2012,
 author = {He, Yuxiong and Elnikety, Sameh and Larus, James and Yan, Chenyu},
 title = {Zeta: scheduling interactive services with partial execution},
 booktitle = {SOCC},
 year = {2012}
}

@article{Zaimag96,
  author    = {Shlomo Zilberstein},
  title     = {Using Anytime Algorithms in Intelligent Systems},
  journal   = {AI Magazine},
  volume    = {17},
  number    = {3},
  year      = {1996}
}

@INPROCEEDINGS{HoffmannSi10,
AUTHOR = {Henry Hoffmann and Stelios Sidiroglou and Michael Carbin and Sasa Misailovic and Anant Agarwal and Martin C. Rinard},
title = {Dynamic knobs for responsive power-aware computing},
BOOKTITLE = {ASPLOS},
year = {2001}
}

@inproceedings{BaekCh10,
 author = {Woongki Baek and Trishul M. Chilimbi},
 title = {Green: A Framework for Supporting Energy-Conscious Programming using Controlled Approximation},
 booktitle = {PLDI},
 year = {2010}
}

@article{foxgr99,
 author = {Fox, Armando and Gribble, Steven D. and Chawathe, Yatin and Brewer, Eric A.},
 title = {Adapting to network and client variation using infrastructural process proxies: lessons and perspectives},
 journal = {Personal Communications},
 year = {1998},
 VOLUME = {5},
 pages = {10-19}
}

@INPROCEEDINGS{Chen03,
    author = {Yu Chen},
    title = {Detecting Web Page Structure for Adaptive Viewing on Small Form Factor Devices},
    booktitle = {WWW},
    year = {2003}
}
